@PhdThesis{r1,
author = {T.P.Rebecca},
title = {Decision Enhancement for Poultry Farmers in East Africa},
school = {University of Gronigen},
year = {2010},
}

@Book{r2,
title = {Farm management in extension in the Pillipines},
publisher = {A. B.Torres},
year = {2001},
}

@Book{r3,
title = {Policies to promote
cereal intensification in Ethiopia: The search for appropriate public and private roles.
},
publisher = {D.J.Spielman, D.Byerlee,D.Alemu,D.Kelemework.},
year = {2010},
}

@Book{r4,
title = {Poverty alleviation and farming systems in Africa.},
publisher = {J.Dixon,S.Minae},
year = {2001},
}
